<?xml version="1.0" encoding="UTF-8"?><collection xmlns="http://www.loc.gov/MARC21/slim"><record><leader>00514nam--2200169-i-4500</leader><controlfield tag="001">000010758</controlfield><controlfield tag="002">20161230</controlfield><controlfield tag="005">20170128003528</controlfield><controlfield tag="008">060222s1000------------r-----000-0-eng-d</controlfield><datafield ind1=" " ind2=" " tag="040"><subfield code="a">IFIN-HH</subfield></datafield><datafield ind1=" " ind2=" " tag="100"><subfield code="a">DeWitt, Cecile M</subfield></datafield><datafield ind1=" " ind2=" " tag="245"><subfield code="a">Battelle rencontres. 1967 lectures in mathematics and physics</subfield><subfield code="c">Edited by Cecile M. DeWitt and John A. Wheeler</subfield></datafield><datafield ind1=" " ind2=" " tag="260"><subfield code="a">New York</subfield><subfield code="b">W.A.Benjamin, Inc</subfield><subfield code="c">1968</subfield></datafield><datafield ind1=" " ind2=" " tag="300"><subfield code="a">XVII+557 p</subfield></datafield><datafield ind1=" " ind2=" " tag="700"><subfield code="a">Wheeler, John Archibald</subfield></datafield><datafield ind1=" " ind2=" " tag="852"><subfield code="a">39404</subfield><subfield code="c">517</subfield></datafield><datafield ind1=" " ind2=" " tag="CAT"><subfield code="a">SYS</subfield><subfield code="c">20170128</subfield><subfield code="h">003528</subfield></datafield></record></collection>